<record><leader>00000cas a22000007a 4500</leader><controlfield tag="001">17319799</controlfield><controlfield tag="008">880108d1929193ulauwr ne      0    0eng d</controlfield><datafield ind1=" " ind2=" " tag="010"><subfield code="a">sn 88064014 </subfield></datafield><datafield ind1=" " ind2=" " tag="040"><subfield code="a">LNP</subfield><subfield code="b">eng</subfield><subfield code="c">LNP</subfield><subfield code="d">OCLCQ</subfield></datafield><datafield ind1=" " ind2=" " tag="042"><subfield code="a">msc</subfield></datafield><datafield ind1="0" ind2="0" tag="245"><subfield code="a">Amite news-digest.</subfield></datafield><datafield ind1=" " ind2=" " tag="260"><subfield code="a">Amite, La. :</subfield><subfield code="b">Lee Lanier</subfield></datafield><datafield ind1=" " ind2=" " tag="300"><subfield code="a">v.</subfield></datafield><datafield ind1=" " ind2=" " tag="310"><subfield code="a">Weekly</subfield></datafield><datafield ind1="0" ind2=" " tag="362"><subfield code="a">Vol. 1, no. 16 (Dec. 20, 1929)-</subfield></datafield><datafield ind1=" " ind2=" " tag="752"><subfield code="a">United States</subfield><subfield code="b">Louisiana</subfield><subfield code="c">Tangipahoa</subfield><subfield code="d">Amite City.</subfield></datafield><datafield ind1="0" ind2="0" tag="780"><subfield code="t">Lanier's digest</subfield><subfield code="w">(DLC)sn 88064564</subfield></datafield><datafield ind1="0" ind2="0" tag="785"><subfield code="t">News-digest (Amite City, La.)</subfield><subfield code="w">(DLC)sn 88064015</subfield></datafield></record>